% bmc_article.bib
% 
%  An example of bibtex entries.
%  Entries taken from BMC instructions for authors page.

% uncomment next line to make author-year bibliography
% @settings{label, options="nameyear"}

% Ainhoa (Demencia)
@article{Formiga2009,
  title = {Demencia, una enfermedad evolutiva: demencia severa. Identificación de demencia terminal},
  author = {Formiga, Francesc and Robles, M. José and Fort, Isabel},
  journal = {Revista Española de Geriatría y Gerontología},
  volume = {44},
  pages = {2--8},
  year = {2009},
  issn = {0211-139X},
  doi = {10.1016/j.regg.2009.05.009}
}
% Ainhoa (Demencia)
@report{Long2023,
  title 	= {World Alzheimer Report 2023: Reducing dementia risk: never too early, never too late},
  author	= {Simon Long and Chloé Benoist and Wendy Weidner},
  institution = {Alzheimer’s Disease International},
  year  	= {2023},
  month 	= {September},
  note  	= {Published by Alzheimer’s Disease International (ADI), London.}
}
% Ainhoa (Demencia)
@article{GOODMAN201728,
title = {Prevalence of dementia subtypes in United States Medicare fee-for-service beneficiaries, 2011–2013},
journal = {Alzheimer's \& Dementia},
volume = {13},
number = {1},
pages = {28-37},
year = {2017},
issn = {1552-5260},
doi = {https://doi.org/10.1016/j.jalz.2016.04.002},
author = {Richard A. Goodman and Kimberly A. Lochner and Madhav Thambisetty and Thomas S. Wingo and Samuel F. Posner and Shari M. Ling},
keywords = {Alzheimer's disease, Dementia, Epidemiology, Medicare, Prevalence, Subtypes}
}

% Ainhoa (Demencia)
@report{GarreOlmo2016,
  title 	= {Memòria d’activitat del Registre de Demències de Girona 2016},
  author	= {Garre-Olmo, Josep and others},
  institution = {Registre de Demències de Girona (ReDeGi)},
  year  	= {2016},
  url   	= {https://www.ias.cat/adjunts/files/MemoriaReDeGi2016.pdf},
  note  	= {Institut d’Assistència Sanitària, Girona},
}

